
% Repair $

@Article{ManyBugsAndIntroClass,
title = "The {ManyBugs} and {IntroClass} Benchmarks for Automated Program Repair",
author = "Claire Le Goues and Neal Holtschulte and Edward K. Smith and Yuriy Brun and Premkumar Devanbu and Stephanie Forrest and Westley Weimer",
journal = "IEEE Transactions on Software Engineering",
note = "Under Review",
}


@techreport{Brun13TRgptest,
  author = {Yuriy Brun and Earl Barr and Ming Xiao and Claire {Le Goues} and Prem Devanbu},
  title =  {Evolution vs.\ Intelligent Design in Program Patching},
  year =   {2013},
  institution = {UC Davis: College of Engineering},
  venue = {Tech. Report},
  number = {\url{https://escholarship.org/uc/item/3z8926ks}},
}


% iJava %

@misc{iJava,
   author = "Robert Moll",
   title = "{iJava}",
   year = "2014",
   howpublished = "\url{http://ijava.cs.umass.edu/index.html}",
   note = "Edition 3.1. Online; accessed September 2015"
}

@article{Moll:2011:IOI:1968521.1968535,
author = {Moll, Robert},
title = {{iJava}---an Online Interactive Textbook for Elementary {Java} Instruction: Demonstration},
journal = {Journal of Computing Sciences in Colleges},
issue_date = {June 2011},
volume = {26},
number = {6},
month = jun,
year = {2011},
issn = {1937-4771},
pages = {55--57},
numpages = {3},
url = {http://dl.acm.org/citation.cfm?id=1968521.1968535},
acmid = {1968535},
publisher = {Consortium for Computing Sciences in Colleges},
address = {USA},
}